% This file was created with JabRef 2.9.2.
% Encoding: GBK

@ARTICLE{ton,
  author = {Abedini, N. and Shakkottai, S.},
  title = {Content Caching and Scheduling in Wireless Networks With Elastic
	and Inelastic Traffic},
  journal = IEEE_J_NET,
  year = {2014},
  volume = {22},
  pages = {864-874},
  number = {3},
  month = {June},
  doi = {10.1109/TNET.2013.2261542},
  issn = {1063-6692},
  keywords = {cellular radio;media streaming;quality of service;queueing theory;scheduling;telecommunication
	traffic;wireless channels;channel conditions;content caching;content
	placement;content scheduling;deficit queues;delay target;finite delays;hard
	delay constraint;inelastic requests;inelastic service;inelastic traffic;logical
	front ends;media vault;optimal policies;quality-of-service;real-time
	streaming;request queues;wireless base stations;wireless content
	access;wireless networks;Content distribution network (CDN);delay-
	sensitive traffic;prediction;quality of service (QoS);queueing}
}

@BOOK{bertsekas,
  title = {Dynamic programming and optimal control, 3rd edition, volume II},
  year = {2011},
  author = {Bertsekas, Dimitri P},
  journal = {Belmont, MA: Athena Scientific},
  owner = {ZhouBo},
  timestamp = {2014.04.01}
}

@ARTICLE{Neely,
  author = {Bethanabhotla, D. and Caire, G. and Neely, M.J.},
  title = {Adaptive Video Streaming for Wireless Networks With Multiple Users
	and Helpers},
  journal = IEEE_J_COM,
  year = {2015},
  volume = {63},
  pages = {268-285},
  number = {1},
  month = {Jan},
  doi = {10.1109/TCOMM.2014.2378774},
  issn = {0090-6778},
  keywords = {Delays;Fading;Optimal scheduling;Quality assessment;Streaming media;Video
	recording;Wireless communication;Adaptive Pre- Buffering Time;Adaptive
	Video Streaming;Adaptive video streaming;Congestion Control;Scheduling;Small-Cells
	Wireless Networks;adaptive pre-buffering time;congestion control;scheduling;small-cells
	wireless networks}
}

@INPROCEEDINGS{cdc,
  author = {Gummadi, Ramakrishna},
  title = {Optimal control of a broadcasting server},
  booktitle = {Proc. 48th IEEE Conf. Decision Control (CDC/CCC)},
  year = {2009},
  pages = {2634--2639}
}

@ARTICLE{switch,
  author = {Koole, Ger},
  title = {Assigning a single server to inhomogeneous queues with switching
	costs},
  journal = {Theoretical Computer Science},
  year = {1997},
  volume = {182},
  pages = {203--216},
  number = {1},
  publisher = {Elsevier}
}

@ARTICLE{embms,
  author = {Lecompte, David and Gabin, Fr{\'e}d{\'e}ric},
  title = {Evolved multimedia broadcast/multicast service ({eMBMS}) in {LTE}-advanced:
	overview and {Rel}-11 enhancements},
  journal = IEEE_M_COM,
  year = {2012},
  volume = {50},
  pages = {68--74},
  number = {11},
  publisher = {IEEE}
}

@ARTICLE{liuhui,
  author = {Liu, Hui and Chen, Zhiyong and Tian, Xiaohua and Wang, Xinbing and
	Tao, Meixia},
  title = {On content-centric wireless delivery networks},
  journal = IEEE_M_WC,
  year = {2014},
  volume = {21},
  pages = {118--125},
  number = {6},
  publisher = {IEEE}
}

@ARTICLE{coded,
  author = {Maddah-Ali, M.A. and Niesen, U.},
  title = {Fundamental Limits of Caching},
  journal = IEEE_J_IT,
  year = {2014},
  volume = {60},
  pages = {2856-2867},
  number = {5},
  month = {May},
  doi = {10.1109/TIT.2014.2306938},
  issn = {0018-9448},
  keywords = {cache storage;aggregate global cache size;caching problem;caching
	technique;constant factor;content delivery;content prefetching;cumulative
	memory;global caching gain;information-theory;local cache size;local
	caching gain;locally cached copy;peak rate;peak traffic rate reduction;Cache
	memory;Databases;Multicast communication;Prefetching;Radio frequency;Servers;Upper
	bound;Caching;coded caching;content distribution;prefetching}
}

@INPROCEEDINGS{wcnc,
  author = {Poularakis, K. and Iosifidis, G. and Sourlas, V. and Tassiulas, L.},
  title = {Multicast-aware caching for small cell networks},
  booktitle = {Proc. IEEE WCNC},
  year = {2014},
  month = {April},
  doi = {10.1109/WCNC.2014.6952688},
  keywords = {cache storage;multicast communication;optimisation;telecommunication
	traffic;cache design policy;mobile data demand growth;multicast aware
	caching;multicast transmission;small cell networks;Base stations;Heuristic
	algorithms;Linear programming;Mobile communication;Mobile computing;Tin;Unicast}
}

@ARTICLE{femto,
  author = {Shanmugam, K. and Golrezaei, N. and Dimakis, A.G. and Molisch, A.F.
	and Caire, G.},
  title = {FemtoCaching: Wireless Content Delivery Through Distributed Caching
	Helpers},
  journal = IEEE_J_IT,
  year = {2013},
  volume = {59},
  number = {12},
  month = {Dec},
  doi = {10.1109/TIT.2013.2281606},
  issn = {0018-9448},
  keywords = {Internet;cellular radio;codes;femtocellular radio;greedy algorithms;linear
	programming;radio networks;video on demand;video streaming;wireless
	LAN;FemtoCaching;Internet-based servers;NP-hard;WiFi off-loading;approximation
	ratio;backhaul capacity;cellular base station;cellular systems;deployment
	density;distributed caching helpers;femtocells;fountain-encoded versions;greedy
	strategy;heterogeneous architectures;linear program;low-rate backhaul;nearest
	small cell access points;short-range links;spectral efficiency;system
	bottleneck;video on-demand streaming;video transmission;wireless
	content delivery;wireless networks;Base stations;Delays;Educational
	institutions;Network topology;Streaming media;Wireless networks;Caching;convex
	programming;integer programming;video streaming;wireless networks}
}

@ARTICLE{batch,
  author = {Xia, Cathy H and Michailidis, George and Bambos, Nicholas and Glynn,
	Peter W},
  title = {Optimal control of parallel queues with batch service},
  journal = {Probability in the Engineering and Informational Sciences},
  year = {2002},
  volume = {16},
  pages = {289--307},
  number = {03},
  publisher = {Cambridge Univ Press}
}

@INPROCEEDINGS{vip,
  author = {Yeh, Edmund and Ho, Tracey and Cui, Ying and Burd, Michael and Liu,
	Ran and Leong, Derek},
  title = {VIP: A Framework for Joint Dynamic Forwarding and Caching in Named
	Data Networks},
  booktitle = {Proceedings of the 1st International Conference on Information-centric
	Networking},
  year = {2014},
  pages = {117--126},
  address = {New York, NY, USA},
  publisher = {ACM}
}

@ARTICLE{arxiv,
  author = {Zhou, Bo and Cui, Ying and Tao, Meixia},
  title = {Optimal Dynamic Multicast Scheduling for Cache-Enabled Content-Centric
	Wireless Networks},
  owner = {ZhouBo},
  timestamp = {2015.01.25},
  url = {http://arxiv.org/abs/1504.04428}
}

@comment{jabref-meta: selector_keywords:}

@comment{jabref-meta: selector_journal:}

@comment{jabref-meta: selector_publisher:}

@comment{jabref-meta: selector_author:}

